Automatically generated by Mendeley Desktop 1.12.1
Any changes to this file will be lost if it is regenerated by Mendeley.

BibTeX export options can be customized via Options -> BibTeX in Mendeley Desktop

@misc{ASHE2011,
author = {ASHE and APIC},
file = {:C$\backslash$:/Users/Diogo/SkyDrive/Dropbox/My Stuff/TESE/Documentacao/APIC-ASHE-Statement-electronic-faucets.pdf:pdf},
title = {{Joint ASHE \& APIC Statement on Recently Presented Research on Electronic Faucets}},
url = {http://www.apic.org/Resource\_/TinyMceFileManager/Practice\_Guidance/APIC-ASHE-Statement-electronic-faucets.pdf},
urldate = {31/07/2014},
year = {2011}
}
@unpublished{TexasInstrumentsInc2011,
author = {{Texas Instruments Inc}},
chapter = {1;6},
file = {:C$\backslash$:/Users/Diogo/AppData/Local/Mendeley Ltd./Mendeley Desktop/Downloaded/Texas Instruments Inc - 2011 - MSP430FR573x Mixed-Signal Microcontrollers.pdf:pdf},
pages = {116},
title = {{MSP430FR573x Mixed-Signal Microcontrollers}},
year = {2011}
}
@misc{Schulz2013,
author = {Schulz, Evan},
booktitle = {Silicon Labs},
title = {{Choosing low-power microcontrollers by the numbers}},
url = {http://www.embedded.com/design/mcus-processors-and-socs/4413368/Choosing-low-power-microcontrollers-by-the-numbers},
urldate = {02-07-2014},
year = {2013}
}
@unpublished{Borgeson2012,
author = {Borgeson, Jacob and Schauer, Stefan and Diewald, Horst},
file = {:C$\backslash$:/Users/Diogo/AppData/Local/Mendeley Ltd./Mendeley Desktop/Downloaded/Borgeson, Schauer, Diewald - 2012 - Benchmarking MCU power consumption for ultra-low-power applications.pdf:pdf},
institution = {Texas Instruments Inc},
pages = {8},
title = {{Benchmarking MCU power consumption for ultra-low-power applications}},
year = {2012}
}
@article{Zingg2012,
author = {Zingg, Walter and Pittet, Didier},
doi = {10.1086/664494},
file = {:C$\backslash$:/Users/Diogo/SkyDrive/Dropbox/My Stuff/TESE/Documentacao/Electronic eye faucets curse or blessing.pdf:pdf},
issn = {1559-6834},
journal = {Infection control and hospital epidemiology : the official journal of the Society of Hospital Epidemiologists of America},
keywords = {Humans,Legionella,Legionella: isolation \& purification,Water Microbiology,Water Supply,Water Supply: analysis},
language = {en},
month = mar,
number = {3},
pages = {241--2},
pmid = {22314060},
publisher = {University of Chicago PressChicago, IL},
title = {{Electronic-eye faucets-curse or blessing?}},
url = {http://www.jstor.org/stable/10.1086/664494},
volume = {33},
year = {2012}
}
@unpublished{MicrochipTechnologyInc2009,
author = {{Microchip Technology Inc}},
file = {:C$\backslash$:/Users/Diogo/AppData/Local/Mendeley Ltd./Mendeley Desktop/Downloaded/Microchip Technology Inc - 2009 - Section 39. Power-Saving Features with Deep Sleep.pdf:pdf},
pages = {22},
series = {PIC24F datasheet},
title = {{Section 39. Power-Saving Features with Deep Sleep}},
year = {2009}
}
@misc{Moore2011,
address = {Dallas, TX},
author = {Moore, Tamara and Reis, Sharon},
booktitle = {31/03/2011},
file = {:C$\backslash$:/Users/Diogo/SkyDrive/Dropbox/My Stuff/TESE/Documentacao/Electronic Faucets Unsafe for Use in High-Risk Patient Hospital Settings.pdf:pdf},
institution = {The Society for Healthcare Epidemiology of America},
pages = {2},
title = {{Electronic Faucets Unsafe for Use in High-Risk Patient Hospital Settings: Study Shows Automatic Faucets Carry High Levels of Bacteria}},
url = {http://www.shea-online.org/View/smid/428/ArticleID/71.aspx},
urldate = {31/07/2014},
year = {2011}
}
