Automatically generated by Mendeley Desktop 1.12.1
Any changes to this file will be lost if it is regenerated by Mendeley.

BibTeX export options can be customized via Options -> BibTeX in Mendeley Desktop

@unpublished{Sansone2013,
author = {Sansone, Carmelo and Miller, Warren},
file = {:C$\backslash$:/Users/Diogo/SkyDrive/Dropbox/My Stuff/TESE/Documentacao/WHITE PAPERS MCUs/WHITE PAPER\_RENESAS\_Implementing Ultra Low Power Design Techniques.pdf:pdf},
institution = {Renesas Electronics America Inc},
pages = {1--15},
series = {White Paper - RX Microcontroller Family},
title = {{Implementing Ultra-Low-Power Design Techniques in RX100 MCU-based Applications}},
year = {2013}
}
@unpublished{Borgeson,
author = {Borgeson, Jacob},
file = {:C$\backslash$:/Users/Diogo/SkyDrive/Dropbox/My Stuff/TESE/Documentacao/WHITE PAPERS MCUs/WHITE PAPER\_TEXAS\_Wolverine MCU Platform.pdf:pdf},
institution = {Texas Instruments Inc},
title = {{Ultra-low-power pioneers : TI slashes total MCU power by 50 percent with new “ Wolverine ” MCU platform}},
year = {2012}
}
@unpublished{Tollefson2010,
author = {Tollefson, Jason},
file = {:C$\backslash$:/Users/Diogo/SkyDrive/Dropbox/My Stuff/TESE/Documentacao/WHITE PAPERS MCUs/WHITE PAPER\_MICROCHIP\_The Truth about Power Consumption.pdf:pdf},
institution = {Microchip Technology Inc},
pages = {1--8},
title = {{The Truth about Power Consumption in PIC MCUs with XLP Technology vs. TI's MSP430}},
year = {2010}
}
@unpublished{Albus,
author = {Albus, Zack and Valenzuela, Adrian and Buccini, Mark},
file = {:C$\backslash$:/Users/Diogo/SkyDrive/Dropbox/My Stuff/TESE/Documentacao/WHITE PAPERS MCUs/WHITE PAPER\_TEXAS\_ ULTRA LOW POWER COMPARISON\_ MSP430\_VS\_MICROCHIP XLP.pdf:pdf},
institution = {Texas Intruments Inc},
title = {{Ultra-Low Power Comparison: MSP430 vs. Microchip XLP Tech Brief}},
year = {2009}
}
@unpublished{MicrochipTechnologyInc2009,
author = {{Microchip Technology Inc}},
file = {:C$\backslash$:/Users/Diogo/AppData/Local/Mendeley Ltd./Mendeley Desktop/Downloaded/Microchip Technology Inc - 2009 - Section 39. Power-Saving Features with Deep Sleep.pdf:pdf},
pages = {22},
series = {PIC24F datasheet},
title = {{Section 39. Power-Saving Features with Deep Sleep}},
year = {2009}
}
@unpublished{tipsntricks,
author = {{Microchip Technology Inc}},
file = {:C$\backslash$:/Users/Diogo/SkyDrive/Dropbox/My Stuff/TESE/Documentacao/WHITE PAPERS MCUs/WHITE PAPER\_MICROCHIP LOW POWER TIPS N TRICKS.pdf:pdf},
institution = {Microchip Technology Inc.},
pages = {1--12},
title = {{CHAPTER 2 PIC Microcontroller Low Power Tips 'n Tricks}},
year = {2009}
}
@unpublished{Iveynanowatt,
author = {Ivey, Brant},
file = {:C$\backslash$:/Users/Diogo/SkyDrive/Dropbox/My Stuff/TESE/Documentacao/WHITE PAPERS MCUs/WHITE PAPER\_MICROCHIP nanoWatt XLP Technologies.pdf:pdf},
institution = {Microchip Technology Inc},
title = {{nanoWatt and nanoWatt XLP Technologies: An Introduction to Microchip’s Low-Power Devices}},
year = {2009}
}
@unpublished{Quiring2006,
author = {Quiring, Keith},
file = {:C$\backslash$:/Users/Diogo/SkyDrive/Dropbox/My Stuff/TESE/Documentacao/WHITE PAPERS MCUs/TEXAS MSP430 SOFTWARE CODING TECHNIQUES.pdf:pdf},
institution = {Texas Instruments},
number = {August},
pages = {1--7},
title = {{MSP430 Software Coding Techniques}},
year = {2006}
}
@unpublished{Borgeson2012,
author = {Borgeson, Jacob and Schauer, Stefan and Diewald, Horst},
file = {:C$\backslash$:/Users/Diogo/AppData/Local/Mendeley Ltd./Mendeley Desktop/Downloaded/Borgeson, Schauer, Diewald - 2012 - Benchmarking MCU power consumption for ultra-low-power applications.pdf:pdf},
institution = {Texas Instruments Inc},
pages = {8},
title = {{Benchmarking MCU power consumption for ultra-low-power applications}},
year = {2012}
}
@article{Zingg2012,
author = {Zingg, Walter and Pittet, Didier},
doi = {10.1086/664494},
file = {:C$\backslash$:/Users/Diogo/SkyDrive/Dropbox/My Stuff/TESE/Documentacao/Electronic eye faucets curse or blessing.pdf:pdf},
issn = {1559-6834},
journal = {Infection control and hospital epidemiology : the official journal of the Society of Hospital Epidemiologists of America},
keywords = {Humans,Legionella,Legionella: isolation \& purification,Water Microbiology,Water Supply,Water Supply: analysis},
language = {en},
month = mar,
number = {3},
pages = {241--2},
pmid = {22314060},
publisher = {University of Chicago PressChicago, IL},
title = {{Electronic-eye faucets-curse or blessing?}},
url = {http://www.jstor.org/stable/10.1086/664494},
volume = {33},
year = {2012}
}
@unpublished{Ivey2011,
author = {Ivey, Brant},
file = {:C$\backslash$:/Users/Diogo/SkyDrive/Dropbox/My Stuff/TESE/Documentacao/WHITE PAPERS MCUs/WHITE PAPER\_MICROCHIP Low Power Design Guide.pdf:pdf},
institution = {Microchip Technology Inc},
pages = {1--22},
title = {{AN1416, Low-Power Design Guide}},
year = {2011}
}
@misc{Moore2011,
address = {Dallas, TX},
author = {Moore, Tamara and Reis, Sharon},
booktitle = {31/03/2011},
file = {:C$\backslash$:/Users/Diogo/SkyDrive/Dropbox/My Stuff/TESE/Documentacao/Electronic Faucets Unsafe for Use in High-Risk Patient Hospital Settings.pdf:pdf},
institution = {The Society for Healthcare Epidemiology of America},
pages = {2},
title = {{Electronic Faucets Unsafe for Use in High-Risk Patient Hospital Settings: Study Shows Automatic Faucets Carry High Levels of Bacteria}},
url = {http://www.shea-online.org/View/smid/428/ArticleID/71.aspx},
urldate = {31/07/2014},
year = {2011}
}
@unpublished{praticalapp,
author = {Hofmann, Mark},
file = {:C$\backslash$:/Users/Diogo/SkyDrive/Dropbox/My Stuff/TESE/Documentacao/WHITE PAPERS MCUs/Future XLP Article.pdf:pdf},
institution = {Future Electronics},
title = {{Technical View Practical Applications of Low-Power Design with nanoWatt XLP ™}}
}
@misc{Schulz2013,
author = {Schulz, Evan},
booktitle = {Silicon Labs},
title = {{Choosing low-power microcontrollers by the numbers}},
url = {http://www.embedded.com/design/mcus-processors-and-socs/4413368/Choosing-low-power-microcontrollers-by-the-numbers},
urldate = {02-07-2014},
year = {2013}
}
@unpublished{powersaving,
author = {Technology, Microchip},
file = {:C$\backslash$:/Users/Diogo/SkyDrive/Dropbox/My Stuff/TESE/Documentacao/WHITE PAPERS MCUs/MICROCHIP Power-Saving Features with VBAT.pdf:pdf},
institution = {Microchip Technology Inc},
title = {{Section 57 . Power-Saving Features with V BAT}},
year = {2011}
}
@unpublished{TexasInstrumentsInc2011,
author = {{Texas Instruments Inc}},
chapter = {1;6},
file = {:C$\backslash$:/Users/Diogo/AppData/Local/Mendeley Ltd./Mendeley Desktop/Downloaded/Texas Instruments Inc - 2011 - MSP430FR573x Mixed-Signal Microcontrollers.pdf:pdf},
pages = {116},
title = {{MSP430FR573x Mixed-Signal Microcontrollers}},
year = {2011}
}
@misc{ASHE2011,
author = {ASHE and APIC},
file = {:C$\backslash$:/Users/Diogo/SkyDrive/Dropbox/My Stuff/TESE/Documentacao/APIC-ASHE-Statement-electronic-faucets.pdf:pdf},
title = {{Joint ASHE \& APIC Statement on Recently Presented Research on Electronic Faucets}},
url = {http://www.apic.org/Resource\_/TinyMceFileManager/Practice\_Guidance/APIC-ASHE-Statement-electronic-faucets.pdf},
urldate = {31/07/2014},
year = {2011}
}
@unpublished{optimalbattery,
author = {{Silicong Laboratories Inc}},
file = {:C$\backslash$:/Users/Diogo/SkyDrive/Dropbox/My Stuff/TESE/Documentacao/WHITE PAPERS MCUs/WHITE PAPER SILICON\_LABS\_Selecting-the-Optimal-Battery-WP.pdf:pdf},
institution = {Silicon Laboratories, Inc},
pages = {1--9},
title = {{Selecting the Optimal Battery for your Embedded Application}}
}
@unpublished{atmelinnovative,
author = {Holberg, Arne Martin and Saetre, Asmund},
file = {:C$\backslash$:/Users/Diogo/SkyDrive/Dropbox/My Stuff/TESE/Documentacao/WHITE PAPERS MCUs/WHITE PAPER\_ATMEL Low Power techniques for microcontrollers.pdf:pdf},
institution = {ATMEL},
number = {408},
title = {{Innovative Techniques for Extremely Low Power Consumption with 8-bit Microcontrollers}},
year = {2006}
}
